@article{o'hearn_2003, title={On bunched typing}, volume={13}, DOI={10.1017/S0956796802004495}, number={4}, journal={Journal of Functional Programming}, publisher={Cambridge University Press}, author={O'HEARN, PETER}, year={2003}, pages={747â€“796}}

@misc{Max-CT-W23,
    title = "https://leccap.engin.umich.edu/leccap/site/z02eb2esrpaddy7cnwz"
}

@misc{CBPV-Book,
    title= "https://link-springer-com.proxy.lib.umich.edu/book/10.1007/978-94-007-0954-6#book-header"
}

@misc{Semantics-Proof-Theory-Bunched-Implications,
    title="https://link.springer.com/content/pdf/10.1007/978-94-017-0091-7.pdf"

}